<?xml version="1.0" encoding="UTF-8"?>
<record xmlns="http://www.loc.gov/MARC21/slim" xmlns:xsi="http://www.w3.org/2001/XMLSchema-instance" xsi:schemaLocation="http://www.loc.gov/MARC21/slim http://www.loc.gov/standards/marcxml/schema/MARC21slim.xsd">
<leader>     cam a22002531a 4500</leader>
<controlfield tag="001">001701259</controlfield>
<controlfield tag="003">NNU</controlfield>
<controlfield tag="005">20061010173345.0</controlfield>
<controlfield tag="008">000726s1962    sy       b    000 0 ara d</controlfield>
<datafield tag="035" ind1="9" ind2=" ">
<subfield code="a">NYUb12249873</subfield>
</datafield>
<datafield tag="035" ind1=" " ind2=" ">
<subfield code="a">(NNU)NYUb12249873</subfield>
</datafield>
<datafield tag="040" ind1=" " ind2=" ">
<subfield code="a">CGU</subfield>
<subfield code="c">CGU</subfield>
<subfield code="d">CStRLIN</subfield>
<subfield code="d">CtY</subfield>
</datafield>
<datafield tag="043" ind1=" " ind2=" ">
<subfield code="a">a-ii---</subfield>
</datafield>
<datafield tag="066" ind1=" " ind2=" ">
<subfield code="c">(3</subfield>
</datafield>
<datafield tag="090" ind1=" " ind2=" ">
<subfield code="a">DS427</subfield>
<subfield code="b">.N2</subfield>
</datafield>
<datafield tag="100" ind1="1" ind2=" ">
<subfield code="6">880-01</subfield>
<subfield code="a">Nadvī, Abulḥasan ʻAlī,</subfield>
<subfield code="d">1913-</subfield>
</datafield>
<datafield tag="245" ind1="1" ind2="3">
<subfield code="6">880-02</subfield>
<subfield code="a">al-Muslimūn fī al-Hind /</subfield>
<subfield code="c">Abū al-Ḥasan ʻAlī al-Ḥasanī al-Nadwī.</subfield>
</datafield>
<datafield tag="260" ind1=" " ind2=" ">
<subfield code="6">880-03</subfield>
<subfield code="a">Dimashq :</subfield>
<subfield code="b">Maktabat Dār al-Fatḥ,</subfield>
<subfield code="c">[1962]</subfield>
</datafield>
<datafield tag="300" ind1=" " ind2=" ">
<subfield code="a">160 p. ;</subfield>
<subfield code="c">20 cm.</subfield>
</datafield>
<datafield tag="504" ind1=" " ind2=" ">
<subfield code="a">Includes bibliographical references.</subfield>
</datafield>
<datafield tag="650" ind1=" " ind2="0">
<subfield code="a">Muslims</subfield>
<subfield code="z">India.</subfield>
</datafield>
<datafield tag="880" ind1="1" ind2=" ">
<subfield code="6">100-01/</subfield>
<subfield code="a">ندوي، أبو الحسن علي.</subfield>
</datafield>
<datafield tag="880" ind1="1" ind2="2">
<subfield code="6">245-02/</subfield>
<subfield code="a">المسلمون في الهند /</subfield>
<subfield code="c">أبو الحسن علي الحسني الندوي.</subfield>
</datafield>
<datafield tag="880" ind1=" " ind2=" ">
<subfield code="6">260-03/</subfield>
<subfield code="a">دمشق :</subfield>
<subfield code="b">مكتبة دار الفتح،</subfield>
<subfield code="c">[1962]</subfield>
</datafield>
<datafield tag="OWN" ind1=" " ind2=" ">
<subfield code="a">GENERAL</subfield>
</datafield>
<datafield tag="998" ind1=" " ind2=" ">
<subfield code="a">20010429</subfield>
<subfield code="d">20010429</subfield>
<subfield code="d">20020522</subfield>
<subfield code="n">NNU</subfield>
<subfield code="s">6</subfield>
<subfield code="t">c</subfield>
<subfield code="z">p</subfield>
</datafield>
<datafield tag="AVA" ind1=" " ind2=" ">
<subfield code="a">NYU50</subfield>
<subfield code="b">BOBST</subfield>
<subfield code="c">Main Collection</subfield>
<subfield code="d">DS427 .N2</subfield>
<subfield code="e">unavailable</subfield>
<subfield code="t">Unavailable</subfield>
<subfield code="f">1</subfield>
<subfield code="g">1</subfield>
<subfield code="h">N</subfield>
<subfield code="i">0</subfield>
<subfield code="j">MAIN</subfield>
<subfield code="k">0</subfield>
</datafield>
</record>
